@inproceedings{zhang04,
    author={Qilong Zhang and R. Pless},
    booktitle={2004 IEEE/RSJ International Conference on Intelligent Robots and Systems},
    title={Extrinsic calibration of a camera and laser range finder},
    year={2004},
    volume={3}
}

@article{powell64,
    author = {Powell, M. J. D.},
    title = {An efficient method for finding the minimum of a function of several variables without calculating derivatives},
    journal = {The Computer Journal},
    volume = {7},
    number = {2},
    pages = {155-162},
    year = {1964},
}


@article{zollhoefer18,
  title={State of the Art on 3D Reconstruction with RGB-D Cameras},
  author={Michael Zollh{\"o}fer and Patrick Stotko and Andreas G{\"o}rlitz and Christian Theobalt and Matthias Nie{\ss}ner and Reinhard Klein and Andreas Kolb},
  journal={Comput. Graph. Forum},
  year={2018},
  volume={37},
  pages={625-652}
}

@inproceedings{klimentjew10,
    author = {D. Klimentjew and N. Hendrich and J. Zhang},
    booktitle = {2010 IEEE Conference on Multisensor Fusion and Integration},
    title = {Multi sensor fusion of camera and 3D laser range finder for object recognition},
    year = {2010},
    month = {10},
    volume = {},
    number = {},
    pages = {236-241}
}

@article{newcombe11,
  title = {KinectFusion: Real-time dense surface mapping and tracking},
  author = {Richard Newcombe and Shahram Izadi and Otmar Hilliges and David Molyneaux and David Kim and Andrew Davison and Pushmeet Kohli and Jamie Shotton and Steve Hodges and Andrew Fitzgibbon},
  journal = {2011 10th IEEE International Symposium on Mixed and Augmented Reality},
  year = {2011},
  month = {09},
  pages = {127-136}
}

@inproceedings{shen13,
    author = {Ju Shen and Sen-ching Cheung},
    year = {2013},
    month = {06},
    pages = {1187-1194},
    title = {Layer Depth Denoising and Completion for Structured-Light RGB-D Cameras},
    booktitle = {Proceedings / CVPR, IEEE Computer Society Conference on Computer Vision and Pattern Recognition. IEEE Computer Society Conference on Computer Vision and Pattern Recognition}
}

@inproceedings{maurelli09,
    author = {F. Maurelli and D. Droeschel and T. Wisspeintner and S. May and H. Surmann},
    booktitle={2009 International Conference on Advanced Robotics},
    title={A 3D laser scanner system for autonomous vehicle navigation},
    year={2009},
    volume={},
    number={},
    pages={1-6}, 
}

@inproceedings{surmann03,
    author = {Surmann, Hartmut and Nuchter, Andreas and Hertzberg, Joachim},
    year = {2003},
    month = {12},
    pages = {181-198},
    title = {An autonomous mobile robot with a 3D laser range finder for 3D exploration and digitalization of indoor environments},
    volume = {45},
    booktitle = {Robotics and Autonomous Systems}
}

@inproceedings{pdias06,
    author = {Paulo Dias and Miguel Matos and Vitor Santos},
    year = {2006},
    month = {09},
    title = {3D Reconstruction of Real World Scenes Using a Low-Cost 3D Range Scanner},
    booktitle = {Comp.-Aided Civil and Infrastruct. Engineering},
    pages = {486-497}
}

@inproceedings{zcai05,
    author={Zi-xing Cai and Jin-xia Yu and Xiao-bing Zou and Zhou-hua Duan},
    booktitle={2005 IEEE International Conference on Robotics and Biomimetics - ROBIO},
    title={A 3-D perceptual method based on laser scanner for mobile robot},
    year={2005},
    volume={},
    number={},
    pages={658-663},
}

@article{pfotzer14,
    title={Development and calibration of KaRoLa, a compact, high-resolution 3D laser scanner},
    author={Lars Pfotzer and Jan Oberl{\"a}nder and Arne R{\"o}nnau and R{\"u}diger Dillmann},
    journal={2014 IEEE International Symposium on Safety, Security, and Rescue Robotics (2014)},
    year={2014},
    pages={1-6}
}

@inproceedings{nemoto07, 
    author={Z. Nemoto and H. Takemura and H. Mizoguchi}, 
    booktitle={IECON 2007 - 33rd Annual Conference of the IEEE Industrial Electronics Society}, 
    title={Development of Small sized Omni directional Laser Range Scanner and Its Application to 3D Background Difference}, 
    year={2007}, 
    month={11},
    volume={}, 
    number={}, 
    pages={2284-2289}, 
}

@article{yoshida11,
    author={T. Yoshida and K. Irie and E. Koyanagi and M. Tomono},
    booktitle={2011 IEEE International Conference on Robotics and Automation},
    title={3D laser scanner with gazing ability},
    year={2011},
    volume={},
    number={},
    pages={3098-3103}, 
}

@inproceedings{stamus00,
    author={I. Stamos and P. E. Allen},
    booktitle={Proceedings IEEE Conference on Computer Vision and Pattern Recognition. CVPR 2000 (Cat. No.PR00662)},
    title={3-D model construction using range and image data},
    year={2000},
    volume={1},
    number={},
    pages={531-536}, 
}

@inproceedings{levoy00,
    author = "Marc Levoy and Kari Pulli and Brian Curless and Szymon Rusinkiewicz and David Koller and Lucas Pereira and Matt Ginzton and Sean Anderson and James Davis and Jeremy Ginsberg and Jonathan Shade and Duane Fulk",
    title = "The Digital Michelangelo Project: 3D Scanning of Large Statues",
    booktitle = "Proceedings of the ACM SIGGRAPH Conference on Computer Graphics",
    year = {2000},
    month = {06},
    pages = "131--144"
}

@phdthesis{pdias03,
    author = {Dias, Paulo Miguel de Jesus},
    title = {Reconstrução tridimensional de ambientes reais usando dados laser e de intensidade},
    school = {Universidade de Aveiro},
    year = {2003},
}

@inproceedings{wimmer06,
  title={Instant Points: Fast Rendering of Unprocessed Point Clouds},
  author={Michael Wimmer and Claus Scheiblauer},
  booktitle={Eurographics Symposium on Point-Based Graphics},
  year={2006},
  month = {01}
}

@book{fernandez15,
    title={Learning ROS for Robotics Programming - Second Edition},
    publisher={Packt Publishing},
    author={Fernandez, Enrique},
    year={2015},
}

@inproceedings{hornegger99,
    title={Representation Issues in the ML Estimation of Camera Motion},
    author={Joachim Hornegger and Carlo Tomasi},
    booktitle={Proceedings of the IEEE International Conference on Computer Vision},
    volume = {1},
    pages = {640-647},
    year={1999},
    month = {02}
}

@inproceedings{schmidt01,
    author = {Schmidt, Jochen and Niemann, Heinrich},
    year = {2001},
    month = {01},
    title = {Using Quaternions for Parametrizing 3-D Rotations in Unconstrained Nonlinear Optimization},
    booktitle = {Vision, Modeling, and Visualization}
}

@article{kassir10,
    title={Reliable Automatic Camera-Laser Calibration},
    author={Abdallah Kassir and Thierry Peynot},
    year={2010}
}

@inproceedings{katz07,
    author = {Katz, Sagi and Tal, Ayellet and Basri, Ronen},
    year = {2007},
    month = {07},
    pages = {},
    title = {Direct visibility of point sets},
    volume = {26},
    booktitle = {ACM Transactions on Graphics}
}

@article{horaud95,
    author = {Radu Horaud and Fadi Dornaika},
    title ={Hand-Eye Calibration},
    journal = {The International Journal of Robotics Research},
    volume = {14},
    number = {3},
    pages = {195-210},
    year = {1995},
}

@inproceedings{montemerlo08,
    authors={Michael Montemerlo, Jan Becker, Suhrid Bhat, Hendrik Dahlkamp, Dmitri Dolgov, Scott Ettinger, Dirk Haehnel, Tim Hilden, Gabe Hoffmann, Burkhard Huhnke, Doug Johnston, Stefan Klumpp, Dirk Langer, Anthony Levandowski, Jesse Levinson, Julien Marcil, David Orenstein, Johannes Paefgen, Isaac Penny, Anna Petrovskaya, Mike Pflueger, Ganymed Stanek, David Stavens, Antone Vogt, and Sebastian Thrun},
    title={Junior: The Stanford Entry in the Urban Challenge},
    year = {2008},
    booktitle = {Journal of Field Robotics},
    volume = {25},
    pages = {569-597}
}

@article{siritanawan17,
  title={3D feature points detection on sparse and non-uniform pointcloud for SLAM},
  author={Prarinya Siritanawan and Moratuwage Diluka Prasanjith and Danwei Wang},
  journal={2017 18th International Conference on Advanced Robotics},
  year={2017},
  pages={112-117}
}

@thesis{costa18,
    title = {ATLASCAR2 Sensors Calibration by Global Optimization},
    author = {Filipe Costa},
    year = {2018},
}

@article{mada03,
    author = {Sreenivasa Kumar Mada,Melvyn L. Smith,Lyndon N. Smith,Prema Sagar Midha},
    title = {Overview of passive and active vision techniques for hand-held 3D data acquisition},
    journal = {Proc. SPIE},
    volume = {39},
    number = {},
    pages = {4877 - 4877},
    year = {2003},
}

@article{besl92,
    author={P. J. Besl and N. D. McKay},
    journal={IEEE Transactions on Pattern Analysis and Machine Intelligence},
    title={A method for registration of 3-D shapes},
    year={1992},
    volume={14},
    number={2},
    pages={239-256},
    month={Feb}
}